%%%%%%%%%%% ARTICLES %%%%%%%%%%%
@article{evol_of_communication,
    author    = "Levin, Michael",
    title     = "The Evolution of Understanding: A Genetic Algorithm Model of the Evolution of Communication",
    journal   = "BioSystems",
    volume    = "36",
    number    = "00",
    pages     = "167-178",
    year      = "1995",
}
@article{grammatical_evolution,
    author    = "O'Neill, Michael and Ryan, Conor",
    title     = "Grammatical Evolution: Evolving Programs for an Arbitrary Language",
    journal   = "IEEE Transactions on Evolutionary Computation",
    volume    = "5",
    number    = "4",
    pages     = "349-358",
    year      = "2001",
}
@article{evol_of_evol,
    author    = "Wagner, G{\"u}nter P. and Altenberg, Lee",
    title     = "Complex Adaptations and the Evolution of Evolvability",
    journal   = "Evolution",
    volume    = "50",
    number    = "3",
    pages     = "967-976",
    year      = "1996",
}

@article{evol_of_female_preference,
    author    = "Beck, Christopher W. and Shapiro, Beth and Semil, Choksi and Promislow, Daniel E.L.",
    title     = "A Genetic Algorithm Approach to Study the Evolution of Female Preference Based on Male Age",
    journal   = "Evolutionary Ecology Research",
    volume    = "4",
    number    = "00", 
    pages     = "275-292",
    year      = "2002",
}

@article{topology_of_the_possible,
    author    = "Stadler, Bärbel M. R. and Stadler, Peter F. and Wagner, G{\"u}nther P. and Fontana, Walter",
    title     = "The Topology of the Possible: Formal Spaces Underlying Patterns of Evolutionary Change",
    journal   = "Journal of Theoretical Biology",
    volume    = "213",
    number    = "00", 
    pages     = "241-274",
    year      = "2001",
}

@article{transforming_the_ss_with_gray,
    author    = "Mathias, Keith E. and Whitley, Darrell L.",
    title     = "Sequence Evolution Under Constraints: Lessons Learned from Sudoku",
    journal   = "Journal of Computational Biology",
    volume    = "23",
    number    = "00", 
    pages     = "1-11",
    year      = "2016",
}

@article{sudoku,
    author    = "Hu, Yucheng and Yang, Gongrong",
    title     = "Sequence Evolution Under Constraints: Lessons Learned from Sudoku",
    journal   = "Journal of Computational Biology",
    volume    = "23",
    number    = "00", 
    pages     = "1-11",
    year      = "2016",
}

@article{HELGA,
    author    = "Patrascu, Monica and Florentina Stancu, Alexandra and Pop, Florin",
    title     = "HELGA: A Heterogeneous Encoding Lifelike Genetic Algorithm for Population Evolution Modeling and Simulation",
    journal   = "Soft Computing",
    volume    = "18",
    number    = "12", 
    pages     = "2565-2576",
    year      = "2014",
}

@article{tutorial,
    author    = "Whitley, Darrell",
    title     = "A Genetic Algorithm Tutorial",
    journal   = "Statistics and Computing",
    volume    = "4",
    number    = "00", 
    pages     = "65-75",
    year      = "1994",
}

@article{real_coded_goldberg,
    author    = "Goldberg, David E.",
    title     = "Real-coded Genetic Algorithms, Virtual Alphabets, and Blocking",
    journal   = "IlliGAL Report",
    volume    = "90001",
    number    = "", 
    pages     = "",
    year      = "1990",
}

@article{ga_vs_sa,
    author    = "Manikas, Theodore W. and Cain, James T.",
    title     = "Genetic Algorithms vs Simulated Annealing: A Comparison of Approaches for Solving the Circuit Partitioning Problem",
    journal   = "Technical Report",
    volume    = "96",
    number    = "101 ", 
    pages     = "",
    year      = "1996",
}

@article{ga_bad,
    author    = "Jennison, Christopher and Sheehan, Nuala",
    title     = "Theoretical and Empirical Properties of the Genetic Algorithm as a Numerical Optimizer",
    journal   = "Journal of Computational and Graphical Statistics",
    volume    = "4",
    number    = "00", 
    pages     = "296-318",
    year      = "1995",
}
@article{no_free_lunch,
 author = {Wolpert, D. H. and Macready, W. G.},
 title = {No Free Lunch Theorems for Optimization},
 journal = {Trans. Evol. Comp},
 volume = {1},
 number = {1},
 year = {1997},
 pages = {67--82},
 url = {http://dx.doi.org/10.1109/4235.585893},
} 
@article{varlen2,
   title = "A Variable-length Genetic Algorithm for Clustering and Classification ",
   journal = "Pattern Recognition Letters ",
   volume = "16",
   number = "8",
   pages = "789-800",
   year = "1995",
   doi = "http://dx.doi.org/10.1016/0167-8655(95)00043-G",
   author = "R. Srikanth and R. George and N. Warsi and D. Prabhu and F.E. Petry and B.P. Buckles",
}

@article{theory_of_ga,
title = "Theory of genetic algorithms ",
journal = "Theoretical Computer Science ",
volume = "259",
number = "1–2",
pages = "1-61",
year = "2001",
note = "",
doi = "http://dx.doi.org/10.1016/S0304-3975(00)00406-0",
author = "Lothar M. Schmitt",
}

@article{pheno_acc,
 author = {J. Maynard Smith, R. Burian, S. Kauffman, P. Alberch, J. Campbell, B. Goodwin, R. Lande, D. Raup, L. Wolpert},
 journal = {The Quarterly Review of Biology},
 number = {3},
 pages = {265-287},
 publisher = {University of Chicago Press},
 title = {Developmental Constraints and Evolution: A Perspective from the Mountain Lake Conference on Development and Evolution},
 volume = {60},
 year = {1985}
}

@article {pheno_acc2,
   author = {Fontana, Walter and Schuster, Peter},
   title = {Continuity in Evolution: On the Nature of Transitions},
   volume = {280},
   number = {5368},
   pages = {1451--1455},
   year = {1998},
   doi = {10.1126/science.280.5368.1451},
   publisher = {American Association for the Advancement of Science},
   journal = {Science}
}

@article {pheno_acc3,
   author = {Draghil, Jeremy A. and Parsons, Todd L. and Wagner, G{\"u}nter P. and Plotikin, Joshua B},
   title = {Mutational Robustness can Facilitate Adaptation},
   volume = {463},
   number = {1},
   pages = {353-355},
   year = {2010},
   doi= {doi:10.1038/nature08694},
   publisher={Macmillan Publishers Limited},
   journal = {Nature}
}

@Article{Shipman2000,
   author="Shipman, R.
   and Shackleton, M.
   and Harvey, I.",
   title="The Use of Neutral Genotype-Phenotype Mappings for Improved Evolutionary Search",
   journal="BT Technology Journal",
   year="2000",
   volume="18",
   number="4",
   pages="103--111",
   doi="10.1023/A:1026714927227",
}

@article{cons_seq,
title = "Generality of a Functional Initiator Consensus Sequence",
journal = "Gene ",
volume = "182",
number = "1–2",
pages = "13 - 22",
year = "1996",
note = "",
issn = "0378-1119",
doi = "http://dx.doi.org/10.1016/S0378-1119(96)00438-6",
author = "Kiersten Lo and Stephen T. Smale",
}







%%%%%%%%%%% UNPUBLISHED %%%%%%%%%%%
@unpublished{evol_of_evol_in_gp,
   author   = "Altenberg, Lee",
   title = "The Evolution of Evolvability in Genetic Programming",
   note  = "",
}

@unpublished{virtual_alphabets,
   author   = "Goldberg, David E.",
   title = "The Theory of Virtual Alphabets",
   note  = "",
}

%%%%%%%%%%% BOOKS %%%%%%%%%%%
@book{holland,
 author = {Holland, John H.},
 title  = {Adaptation in Natural and Artificial Systems: An Introductory Analysis with Applications to Biology, Control and Artificial Intelligence},
 year   = {1992},
 isbn   = {0262082136},
 publisher = {MIT Press},
 address   = {Cambridge, MA, USA},
} 
@book{intro_to_evol_alg,
 author = {Yu, Xinjie and Gen, Mitsuo},
 title  = {Introduction to Evolutionary Algorithms},
 year   = {2012},
 isbn   = {144712569X, 9781447125693},
 publisher = {Springer Publishing Company, Incorporated},
} 

@book{Goldberg_GA_book,
 author  = {Goldberg, David E.},
 title   = {Genetic Algorithms in Search, Optimization and Machine Learning},
 year    = {1989},
 isbn    = {0201157675},
 edition = {1st},
 publisher = {Addison-Wesley Longman Publishing Co., Inc.},
 address = {Boston, MA, USA},
} 

%%%%%%%%%%% IN BOOKS %%%%%%%%%%%
@inbook{Man96,
   publisher   = {Wiley},
   isbn        = {0471962805},
   author      = {Mann, John W. and Smith, George D.},
   journal     = {Modern Heuristic Search Methods},
   title       = {A Comparison of Heuristics for Telecommunications Traffic Routing},
   editor      = {Rayward-Smith, V.J. and Osman, C. and Reeves, C.R. and Smith, G.D.},
   year        = {1996},
   pages       = {235--254}
}
@Inbook{varlen,
   author="Poli, Riccardo and Rowe, Jonathan E. and Stephens, Christopher R. and Wright, Alden H.",
   editor="Foster, James A. and Lutton, Evelyne and Miller, Julian and Ryan, Conor and Tettamanzi, Andrea",
   chapter="Allele Diffusion in Linear Genetic Programming and Variable-Length Genetic Algorithms with Subtree Crossover",
   title="Genetic Programming: 5th European Conference, EuroGP 2002 Kinsale, Ireland, April 3--5, 2002 Proceedings",
   year="2002",
   publisher="Springer Berlin Heidelberg",
   address="Berlin, Heidelberg",
   pages="212--227",
   isbn="978-3-540-45984-2",
   doi="10.1007/3-540-45984-7_21",
   url="http://dx.doi.org/10.1007/3-540-45984-7_21"
}


